@article{TIT:MinTraZip03,
  author    = {Yaron Minsky and
               Ari Trachtenberg and
               Richard Zippel},
  title     = {Set reconciliation with nearly optimal communication complexity},
  journal   = {{IEEE} Trans. Inf. Theory},
  volume    = {49},
  number    = {9},
  pages     = {2213--2218},
  year      = {2003},
  url       = {https://doi.org/10.1109/TIT.2003.815784},
  doi       = {10.1109/TIT.2003.815784},
  timestamp = {Tue, 10 Mar 2020 10:43:14 +0100},
  biburl    = {https://dblp.org/rec/journals/tit/MinskyTZ03.bib},
  bibsource = {dblp computer science bibliography, https://dblp.org}
}

@article{EPRINT:AbdRamSla20,
  author    = {Behzad Abdolmaleki and
               Sebastian Ramacher and
               Daniel Slamanig},
  title     = {Lift-and-Shift: Obtaining Simulation Extractable Subversion and Updatable
               SNARKs Generically},
  journal   = {{IACR} Cryptol. ePrint Arch.},
  volume    = {2020},
  pages     = {62},
  year      = {2020},
  url       = {https://eprint.iacr.org/2020/062},
  timestamp = {Mon, 11 May 2020 15:58:17 +0200},
  biburl    = {https://dblp.org/rec/journals/iacr/AbdolmalekiRS20.bib},
  bibsource = {dblp computer science bibliography, https://dblp.org}
}

@article{DCC:DerSla19,
  author    = {David Derler and
               Daniel Slamanig},
  title     = {Key-homomorphic signatures: definitions and applications to multiparty
               signatures and non-interactive zero-knowledge},
  journal   = {Des. Codes Cryptogr.},
  volume    = {87},
  number    = {6},
  pages     = {1373--1413},
  year      = {2019},
  url       = {https://doi.org/10.1007/s10623-018-0535-9},
  doi       = {10.1007/s10623-018-0535-9},
  timestamp = {Mon, 17 Jun 2019 13:42:48 +0200},
  biburl    = {https://dblp.org/rec/journals/dcc/DerlerS19.bib},
  bibsource = {dblp computer science bibliography, https://dblp.org}
}

@online{W:Weissten20,
  author = {Eric Weisstein},
  title = {Jensen's Inequality},
  journal = {From MathWorld--A Wolfram Web Resource},
  url = {https://mathworld.wolfram.com/JensensInequality.html},
  urldate = {2020-08-04}
}

@misc{EPRINT:BKSV20,
    author = {Karim Baghery and Markulf Kohlweiss and Janno Siim and Mikhail Volkhov},
    title = {Another Look at Extraction and Randomization of Groth's zk-SNARK},
    howpublished = {Cryptology ePrint Archive, Report 2020/811},
    year = {2020},
    note = {\url{https://eprint.iacr.org/2020/811}},
}
