@Misc{EPRINT:GKKNZ21,
  author =       "Chaya Ganesh and
                  Hamidreza Khoshakhlagh and
                  Markulf Kohlweiss and
				  Anca Nitulescu and
                  Michal Zajac",
  title =        "What Makes Fiat--Shamir zkSNARKs (Updatable SRS) Simulation Extractable?",
  year =         2021,
  howpublished = "Cryptology ePrint Archive, Report 2021/511",
  note =         "\url{https://eprint.iacr.org/2021/511}",
}

@InProceedings{AC:ABLZ17short,
  author =       "Behzad Abdolmaleki and
                  Karim Baghery and
                  Helger Lipmaa and
                  Michal Zajac",
  title =        "A Subversion-Resistant {SNARK}",
  booktitle =    asiacrypt17name3,
  editor =       asiacrypt17ed,
}

@InProceedings{CCS:AbdRamSla20short,
  author =       "Behzad Abdolmaleki and
                  Sebastian Ramacher and
                  Daniel Slamanig",
  title =        "Lift-and-Shift: Obtaining Simulation Extractable Subversion and Updatable {SNARKs} Generically",
  editor =       ccs20ed,
  booktitle =    ccs20name,
}

@Misc{EPRINT:AttFehKlo21short,
  author =       "Thomas Attema and
                  Serge Fehr and
                  Michael Kloo{\ss}",
  title =        "Fiat-Shamir Transformation of Multi-Round Interactive Proofs",
  howpublished = "Cryptology ePrint Archive, Report 2021/1377",
}

@misc{cryptoeprint:GOPTT22,
    author       = {Chaya Ganesh and
		    Claudio Orlandi and
		    Mahak Pancholi and
		    Akira Takahashi and
		    Daniel Tschudi},
    title        = {Fiat–Shamir Bulletproofs are Non-Malleable (in the Algebraic Group Model)},
    howpublished = {Cryptology ePrint Archive, Report 2021/1393},
    year         = {2021},
    note         = {\url{https://ia.cr/2021/1393}},
}

@misc{cryptoeprint:2019:1177,
    author = {Benedikt Bünz and Mary Maller and Pratyush Mishra and Nirvan Tyagi and Psi Vesely},
    title = {Proofs for Inner Pairing Products and Applications},
    howpublished = {Cryptology ePrint Archive, Report 2019/1177},
    year = {2019},
    note = {\url{https://eprint.iacr.org/2019/1177}},
}

@misc{cryptoeprint:2020:1351,
    author = {Ashrujit Ghoshal and Stefano Tessaro},
    title = {Tight State-Restoration Soundness in the Algebraic Group Model},
    howpublished = {Cryptology ePrint Archive, Report 2020/1351},
    year = {2020},
    note = {\url{https://eprint.iacr.org/2020/1351}},
}

@article{TIT:MinTraZip03,
  author    = {Yaron Minsky and
               Ari Trachtenberg and
               Richard Zippel},
  title     = {Set reconciliation with nearly optimal communication complexity},
  journal   = {{IEEE} Trans. Inf. Theory},
  volume    = {49},
  number    = {9},
  pages     = {2213--2218},
  year      = {2003},
  url       = {https://doi.org/10.1109/TIT.2003.815784},
  doi       = {10.1109/TIT.2003.815784},
  timestamp = {Tue, 10 Mar 2020 10:43:14 +0100},
  biburl    = {https://dblp.org/rec/journals/tit/MinskyTZ03.bib},
  bibsource = {dblp computer science bibliography, https://dblp.org}
}

@article{EPRINT:AbdRamSla20,
  author    = {Behzad Abdolmaleki and
               Sebastian Ramacher and
               Daniel Slamanig},
  title     = {Lift-and-Shift: Obtaining Simulation Extractable Subversion and Updatable
               SNARKs Generically},
  journal   = {{IACR} Cryptol. ePrint Arch.},
  volume    = {2020},
  pages     = {62},
  year      = {2020},
  url       = {https://eprint.iacr.org/2020/062},
  timestamp = {Mon, 11 May 2020 15:58:17 +0200},
  biburl    = {https://dblp.org/rec/journals/iacr/AbdolmalekiRS20.bib},
  bibsource = {dblp computer science bibliography, https://dblp.org}
}

@article{DCC:DerSla19,
  author    = {David Derler and
               Daniel Slamanig},
  title     = {Key-homomorphic signatures: definitions and applications to multiparty
               signatures and non-interactive zero-knowledge},
  journal   = {Des. Codes Cryptogr.},
  volume    = {87},
  number    = {6},
  pages     = {1373--1413},
  year      = {2019},
  url       = {https://doi.org/10.1007/s10623-018-0535-9},
  doi       = {10.1007/s10623-018-0535-9},
  timestamp = {Mon, 17 Jun 2019 13:42:48 +0200},
  biburl    = {https://dblp.org/rec/journals/dcc/DerlerS19.bib},
  bibsource = {dblp computer science bibliography, https://dblp.org}
}

@online{W:Weissten20,
  author = {Eric Weisstein},
  title = {Jensen's Inequality},
  journal = {From MathWorld--A Wolfram Web Resource},
  url = {https://mathworld.wolfram.com/JensensInequality.html},
  urldate = {2020-08-04}
}

@misc{REPO:Zeth20,
	author = {Clearmatics},
	title = {ZETH: On Integrating Zerocash on Ethereum},
	year = {2020},
	publisher = {Github},
	howpublished = {\url{https://www.github.com/clearmatics/zeth}},
}

@misc{ARXIV:RonZaj19,
	author = {Antoine Rondelet and Michal Zajac},
	title = {ZETH: On Integrating Zerocash on Ethereum},
	year = {2019},
	publisher = {Arxiv},
	howpublished = {https://arxiv.org/abs/1904.00905},
}

@misc{REPO:Zcash20,
	author = {Zcash},
	title = {Zchas Documentation},
	year = {2020},
	publisher = {Read the docs},
	howpublished = {\url{https://zcash.readthedocs.io}}
}

@misc{REPO:Celo20,
	author = {cLabs},
	title = {The Celo Protocol: A Multi-Asset Cryptographic Protocol
					forDecentralized Social Payments},
	year = {2020},
	howpublished = {\url{https://celo.org/papers/whitepaper}}
}

@misc{Blog:FrozenHeart20,
	author = {Jim Miller},
	title = {Coordinated disclosure of vulnerabilities affecting Girault, Bulletproofs, and PlonK},
	year = {2022},
	howpublished = {\url{https://blog.trailofbits.com/2022/04/13/part-1-coordinated-disclosure-of-vulnerabilities-affecting-girault-bulletproofs-and-plonk/}}
}

@misc{REPO:Aztec20,
	author = {Aztec},
	title = {A Private Layer 2},
	year = {2020},
	howpublished = {\url{https://developers.aztec.network}}
}

@article{brassard1988minimum,
  title={Minimum disclosure proofs of knowledge},
  author={Brassard, Gilles and Chaum, David and Cr{\'e}peau, Claude},
  journal={Journal of computer and system sciences},
  volume={37},
  number={2},
  pages={156--189},
  year={1988},
  publisher={Elsevier}
}