@inproceedings{fuchsbauer2018algebraic,
  title={The algebraic group model and its applications},
  author={Fuchsbauer, Georg and Kiltz, Eike and Loss, Julian},
  booktitle={Annual International Cryptology Conference},
  pages={33--62},
  year={2018},
  organization={Springer}
}

@inproceedings{belenkiy2009randomizable,
  title={Randomizable proofs and delegatable anonymous credentials},
  author={Belenkiy, Mira and Camenisch, Jan and Chase, Melissa and Kohlweiss, Markulf and Lysyanskaya, Anna and Shacham, Hovav},
  booktitle={Annual International Cryptology Conference},
  pages={108--125},
  year={2009},
  organization={Springer}
}

@techreport{lip19,
  title={Simulation-extractable SNARKs revisited},
  author={Lipmaa, Helger},
  year={2019},
  institution={Cryptology ePrint Archive, Report 2019/612, 2019. http://eprint. iacr. org~…}
}

@inproceedings{gro16,
  title={On the size of pairing-based non-interactive arguments},
  author={Groth, Jens},
  booktitle={Annual international conference on the theory and applications of cryptographic techniques},
  pages={305--326},
  year={2016},
  organization={Springer}
}

@inproceedings{gm17,
  title={Snarky signatures: Minimal signatures of knowledge from simulation-extractable SNARKs},
  author={Groth, Jens and Maller, Mary},
  booktitle={Annual International Cryptology Conference},
  pages={581--612},
  year={2017},
  organization={Springer}
}

@inproceedings{chase2012malleable,
  title={Malleable proof systems and applications},
  author={Chase, Melissa and Kohlweiss, Markulf and Lysyanskaya, Anna and Meiklejohn, Sarah},
  booktitle={Annual International Conference on the Theory and Applications of Cryptographic Techniques},
  pages={281--300},
  year={2012},
  organization={Springer}
}

@inproceedings{grothsahai,
  title={Efficient non-interactive proof systems for bilinear groups},
  author={Groth, Jens and Sahai, Amit},
  booktitle={Annual International Conference on the Theory and Applications of Cryptographic Techniques},
  pages={415--432},
  year={2008},
  organization={Springer}
}

@inproceedings{sahai1999non,
  title={Non-malleable non-interactive zero knowledge and adaptive chosen-ciphertext security},
  author={Sahai, Amit},
  booktitle={40th Annual Symposium on Foundations of Computer Science (Cat. No. 99CB37039)},
  pages={543--553},
  year={1999},
  organization={IEEE}
}

@inproceedings{de2001robust,
  title={Robust non-interactive zero knowledge},
  author={De Santis, Alfredo and Di Crescenzo, Giovanni and Ostrovsky, Rafail and Persiano, Giuseppe and Sahai, Amit},
  booktitle={Annual International Cryptology Conference},
  pages={566--598},
  year={2001},
  organization={Springer}
}

@inproceedings{canetti2002universally,
  title={Universally composable two-party and multi-party secure computation},
  author={Canetti, Ran and Lindell, Yehuda and Ostrovsky, Rafail and Sahai, Amit},
  booktitle={Proceedings of the thiry-fourth annual ACM symposium on Theory of computing},
  pages={494--503},
  year={2002}
}

@inproceedings{groth2006perfect,
  title={Perfect non-interactive zero knowledge for NP},
  author={Groth, Jens and Ostrovsky, Rafail and Sahai, Amit},
  booktitle={Annual International Conference on the Theory and Applications of Cryptographic Techniques},
  pages={339--358},
  year={2006},
  organization={Springer}
}

@inproceedings{groth2006simulation,
  title={Simulation-sound NIZK proofs for a practical language and constant size group signatures},
  author={Groth, Jens},
  booktitle={International Conference on the Theory and Application of Cryptology and Information Security},
  pages={444--459},
  year={2006},
  organization={Springer}
}

@techreport{kim2019qap,
  title={Qap-based simulation-extractable snark with a single verification},
  author={Kim, Jihye and Lee, Jiwon and Oh, Hyunok},
  year={2019},
  institution={Cryptology ePrint Archive, Report 2019/586, 2019. https://eprint. iacr. org~…}
}

@article{kosba2015c,
  title={C0C0: a framework for building composable zero-knowledge proofs},
  author={Kosba, Ahmed and Zhao, Zhichao and Miller, Andrew and Qian, Yi and Chan, Hubert and Papamanthou, Charalampos and Pass, Rafael and Abhi, Shelat and Shi, Elaine},
  journal={Cryptology ePrint Archive, Report 2015/1093},
  year={2015}
}

@article{kosba2015use,
  title={How to Use SNARKs in Universally Composable Protocols.},
  author={Kosba, Ahmed E and Zhao, Zhichao and Miller, Andrew and Qian, Yi and Chan, T-H Hubert and Papamanthou, Charalampos and Pass, Rafael and Shelat, Abhi and Shi, Elaine},
  journal={IACR Cryptology ePrint Archive},
  volume={2015},
  pages={1093},
  year={2015},
  publisher={Citeseer}
}

@article{bagherytiramisu,
  title={Tiramisu: Black-Box Simulation Extractable NIZKs in the Updatable CRS Model},
  author={Baghery, Karim and Sedaghat, Mahdi},
  year={2020}
}

@inproceedings{kosba2016hawk,
  title={Hawk: The blockchain model of cryptography and privacy-preserving smart contracts},
  author={Kosba, Ahmed and Miller, Andrew and Shi, Elaine and Wen, Zikai and Papamanthou, Charalampos},
  booktitle={2016 IEEE symposium on security and privacy (SP)},
  pages={839--858},
  year={2016},
  organization={IEEE}
}

@incollection{atapoor2019simulation,
  title={Simulation Extractability in Groth’s zk-SNARK},
  author={Atapoor, Shahla and Baghery, Karim},
  booktitle={Data Privacy Management, Cryptocurrencies and Blockchain Technology},
  pages={336--354},
  year={2019},
  publisher={Springer}
}
@inproceedings{abdolmaleki2020lift,
  title={Lift-and-Shift: Obtaining Simulation Extractable Subversion and Updatable SNARKs Generically},
  author={Abdolmaleki, Behzad and Ramacher, Sebastian and Slamanig, Daniel},
  booktitle={ACM SIGSAC Conference on Computer and Communications Security, CCS},
  year={2020}
}

@article{bowe2018making,
  title={Making Groth's zk-SNARK Simulation Extractable in the Random Oracle Model.},
  author={Bowe, Sean and Gabizon, Ariel},
  journal={IACR Cryptology ePrint Archive},
  volume={2018},
  pages={187},
  year={2018}
}

@inproceedings{DBLP:conf/indocrypt/FaustKMV12,
  author    = {Sebastian Faust and
               Markulf Kohlweiss and
               Giorgia Azzurra Marson and
               Daniele Venturi},
  editor    = {Steven D. Galbraith and
               Mridul Nandi},
  title     = {On the Non-malleability of the Fiat-Shamir Transform},
  booktitle = {Progress in Cryptology - {INDOCRYPT} 2012, 13th International Conference
               on Cryptology in India, Kolkata, India, December 9-12, 2012. Proceedings},
  series    = {Lecture Notes in Computer Science},
  volume    = {7668},
  pages     = {60--79},
  publisher = {Springer},
  year      = {2012},
  url       = {https://doi.org/10.1007/978-3-642-34931-7\_5},
  doi       = {10.1007/978-3-642-34931-7\_5},
  timestamp = {Tue, 14 May 2019 10:00:51 +0200},
  biburl    = {https://dblp.org/rec/conf/indocrypt/FaustKMV12.bib},
  bibsource = {dblp computer science bibliography, https://dblp.org}
}

@article{DBLP:journals/iacr/LeeCKO19,
  author    = {Jiwon Lee and
               Jaekyoung Choi and
               Jihye Kim and
               Hyunok Oh},
  title     = {{SAVER:} Snark-friendly, Additively-homomorphic, and Verifiable Encryption
               and decryption with Rerandomization},
  journal   = {{IACR} Cryptol. ePrint Arch.},
  volume    = {2019},
  pages     = {1270},
  year      = {2019},
  url       = {https://eprint.iacr.org/2019/1270},
  timestamp = {Mon, 11 May 2020 15:58:29 +0200},
  biburl    = {https://dblp.org/rec/journals/iacr/LeeCKO19.bib},
  bibsource = {dblp computer science bibliography, https://dblp.org}
}


@inproceedings{DBLP:conf/eurocrypt/BonehV98,
  author    = {Dan Boneh and
               Ramarathnam Venkatesan},
  editor    = {Kaisa Nyberg},
  title     = {Breaking {RSA} May Not Be Equivalent to Factoring},
  booktitle = {Advances in Cryptology - {EUROCRYPT} '98, International Conference
               on the Theory and Application of Cryptographic Techniques, Espoo,
               Finland, May 31 - June 4, 1998, Proceeding},
  series    = {Lecture Notes in Computer Science},
  volume    = {1403},
  pages     = {59--71},
  publisher = {Springer},
  year      = {1998},
  url       = {https://doi.org/10.1007/BFb0054117},
  doi       = {10.1007/BFb0054117},
  timestamp = {Tue, 14 May 2019 10:00:53 +0200},
  biburl    = {https://dblp.org/rec/conf/eurocrypt/BonehV98.bib},
  bibsource = {dblp computer science bibliography, https://dblp.org}
}


@inproceedings{DBLP:conf/asiacrypt/PaillierV05,
  author    = {Pascal Paillier and
               Damien Vergnaud},
  editor    = {Bimal K. Roy},
  title     = {Discrete-Log-Based Signatures May Not Be Equivalent to Discrete Log},
  booktitle = {Advances in Cryptology - {ASIACRYPT} 2005, 11th International Conference
               on the Theory and Application of Cryptology and Information Security,
               Chennai, India, December 4-8, 2005, Proceedings},
  series    = {Lecture Notes in Computer Science},
  volume    = {3788},
  pages     = {1--20},
  publisher = {Springer},
  year      = {2005},
  url       = {https://doi.org/10.1007/11593447\_1},
  doi       = {10.1007/11593447\_1},
  timestamp = {Tue, 14 May 2019 10:00:40 +0200},
  biburl    = {https://dblp.org/rec/conf/asiacrypt/PaillierV05.bib},
  bibsource = {dblp computer science bibliography, https://dblp.org}
}



@inproceedings{DBLP:conf/sp/Ben-SassonCG0MTV14,
  author    = {Eli Ben{-}Sasson and
               Alessandro Chiesa and
               Christina Garman and
               Matthew Green and
               Ian Miers and
               Eran Tromer and
               Madars Virza},
  title     = {Zerocash: Decentralized Anonymous Payments from Bitcoin},
  booktitle = {2014 {IEEE} Symposium on Security and Privacy, {SP} 2014, Berkeley,
               CA, USA, May 18-21, 2014},
  pages     = {459--474},
  publisher = {{IEEE} Computer Society},
  year      = {2014},
  url       = {https://doi.org/10.1109/SP.2014.36},
  doi       = {10.1109/SP.2014.36},
  timestamp = {Wed, 16 Oct 2019 14:14:51 +0200},
  biburl    = {https://dblp.org/rec/conf/sp/Ben-SassonCG0MTV14.bib},
  bibsource = {dblp computer science bibliography, https://dblp.org}
}


@article{DBLP:journals/iacr/KerberKK20a,
  author    = {Thomas Kerber and
               Aggelos Kiayias and
               Markulf Kohlweiss},
  title     = {Kachina - Foundations of Private Smart Contracts},
  journal   = {{IACR} Cryptol. ePrint Arch.},
  volume    = {2020},
  pages     = {543},
  year      = {2020},
  url       = {https://eprint.iacr.org/2020/543},
  timestamp = {Wed, 27 May 2020 17:08:14 +0200},
  biburl    = {https://dblp.org/rec/journals/iacr/KerberKK20a.bib},
  bibsource = {dblp computer science bibliography, https://dblp.org}
}

@article{DBLP:journals/iacr/BoweCGMMW18,
  author    = {Sean Bowe and
               Alessandro Chiesa and
               Matthew Green and
               Ian Miers and
               Pratyush Mishra and
               Howard Wu},
  title     = {Zexe: Enabling Decentralized Private Computation},
  journal   = {{IACR} Cryptol. ePrint Arch.},
  volume    = {2018},
  pages     = {962},
  year      = {2018},
  url       = {https://eprint.iacr.org/2018/962},
  timestamp = {Mon, 11 May 2020 15:54:00 +0200},
  biburl    = {https://dblp.org/rec/journals/iacr/BoweCGMMW18.bib},
  bibsource = {dblp computer science bibliography, https://dblp.org}
}

@inproceedings{DBLP:conf/sp/Delignat-Lavaud16,
  author    = {Antoine Delignat{-}Lavaud and
               C{\'{e}}dric Fournet and
               Markulf Kohlweiss and
               Bryan Parno},
  title     = {Cinderella: Turning Shabby {X.509} Certificates into Elegant Anonymous
               Credentials with the Magic of Verifiable Computation},
  booktitle = {{IEEE} Symposium on Security and Privacy, {SP} 2016, San Jose, CA,
               USA, May 22-26, 2016},
  pages     = {235--254},
  publisher = {{IEEE} Computer Society},
  year      = {2016},
  url       = {https://doi.org/10.1109/SP.2016.22},
  doi       = {10.1109/SP.2016.22},
  timestamp = {Wed, 16 Oct 2019 14:14:51 +0200},
  biburl    = {https://dblp.org/rec/conf/sp/Delignat-Lavaud16.bib},
  bibsource = {dblp computer science bibliography, https://dblp.org}
}

@inproceedings{DBLP:conf/sp/NavehT16,
  author    = {Assa Naveh and
               Eran Tromer},
  title     = {PhotoProof: Cryptographic Image Authentication for Any Set of Permissible
               Transformations},
  booktitle = {{IEEE} Symposium on Security and Privacy, {SP} 2016, San Jose, CA,
               USA, May 22-26, 2016},
  pages     = {255--271},
  publisher = {{IEEE} Computer Society},
  year      = {2016},
  url       = {https://doi.org/10.1109/SP.2016.23},
  doi       = {10.1109/SP.2016.23},
  timestamp = {Wed, 16 Oct 2019 14:14:51 +0200},
  biburl    = {https://dblp.org/rec/conf/sp/NavehT16.bib},
  bibsource = {dblp computer science bibliography, https://dblp.org}
}

@misc{zkproof,
  author = {ZKProof},
  title = {{ZKProof community reference, version 0.2}},
  howpublished = "\url{https://docs.zkproof.org/pages/reference/reference.pdf/}",
  year = {December 2019},
  note = "[Online; accessed 26/06/2020; Updated versions at \url{https://zkproof.org}]"
}


@article{DBLP:journals/joc/Schnorr91,
  author    = {Claus{-}Peter Schnorr},
  title     = {Efficient Signature Generation by Smart Cards},
  journal   = {J. Cryptology},
  volume    = {4},
  number    = {3},
  pages     = {161--174},
  year      = {1991},
  url       = {https://doi.org/10.1007/BF00196725},
  doi       = {10.1007/BF00196725},
  timestamp = {Wed, 14 Nov 2018 10:31:43 +0100},
  biburl    = {https://dblp.org/rec/journals/joc/Schnorr91.bib},
  bibsource = {dblp computer science bibliography, https://dblp.org}
}

@inproceedings{DBLP:conf/ccs/CamenischDD17,
  author    = {Jan Camenisch and
               Manu Drijvers and
               Maria Dubovitskaya},
  editor    = {Bhavani M. Thuraisingham and
               David Evans and
               Tal Malkin and
               Dongyan Xu},
  title     = {Practical UC-Secure Delegatable Credentials with Attributes and Their
               Application to Blockchain},
  booktitle = {Proceedings of the 2017 {ACM} {SIGSAC} Conference on Computer and
               Communications Security, {CCS} 2017, Dallas, TX, USA, October 30 -
               November 03, 2017},
  pages     = {683--699},
  publisher = {{ACM}},
  year      = {2017},
  url       = {https://doi.org/10.1145/3133956.3134025},
  doi       = {10.1145/3133956.3134025},
  timestamp = {Tue, 06 Nov 2018 11:07:30 +0100},
  biburl    = {https://dblp.org/rec/conf/ccs/CamenischDD17.bib},
  bibsource = {dblp computer science bibliography, https://dblp.org}
}


@article{DBLP:journals/iacr/Shoup04,
  author    = {Victor Shoup},
  title     = {Sequences of games: a tool for taming complexity in security proofs},
  journal   = {{IACR} Cryptol. ePrint Arch.},
  volume    = {2004},
  pages     = {332},
  year      = {2004},
  url       = {http://eprint.iacr.org/2004/332},
  timestamp = {Mon, 11 May 2020 15:57:41 +0200},
  biburl    = {https://dblp.org/rec/journals/iacr/Shoup04.bib},
  bibsource = {dblp computer science bibliography, https://dblp.org}
}

@article{DBLP:journals/tit/Elgamal85,
  author    = {Taher El Gamal},
  title     = {A public key cryptosystem and a signature scheme based on discrete
               logarithms},
  journal   = {{IEEE} Trans. Inf. Theory},
  volume    = {31},
  number    = {4},
  pages     = {469--472},
  year      = {1985},
  url       = {https://doi.org/10.1109/TIT.1985.1057074},
  doi       = {10.1109/TIT.1985.1057074},
  timestamp = {Tue, 10 Mar 2020 10:47:50 +0100},
  biburl    = {https://dblp.org/rec/journals/tit/Elgamal85.bib},
  bibsource = {dblp computer science bibliography, https://dblp.org}
}

@misc{dsa,
  title={Digital signature standard},
  author={PUB, NIST FIPS},
  year={1993},
  publisher={National Institute of Standards and Technology, US Department of Commerce, DRAFT}
}


@inproceedings{uc,
  author    = {Ran Canetti},
  title     = {Universally Composable Security: {A} New Paradigm for Cryptographic
               Protocols},
  booktitle = {42nd Annual Symposium on Foundations of Computer Science, {FOCS} 2001,
               14-17 October 2001, Las Vegas, Nevada, {USA}},
  pages     = {136--145},
  publisher = {{IEEE} Computer Society},
  year      = {2001},
  url       = {https://doi.org/10.1109/SFCS.2001.959888},
  doi       = {10.1109/SFCS.2001.959888},
  timestamp = {Wed, 16 Oct 2019 14:14:54 +0200},
  biburl    = {https://dblp.org/rec/conf/focs/Canetti01.bib},
  bibsource = {dblp computer science bibliography, https://dblp.org}
}


@article{DBLP:journals/dam/GalbraithPS08,
  author    = {Steven D. Galbraith and
               Kenneth G. Paterson and
               Nigel P. Smart},
  title     = {Pairings for cryptographers},
  journal   = {Discret. Appl. Math.},
  volume    = {156},
  number    = {16},
  pages     = {3113--3121},
  year      = {2008},
  url       = {https://doi.org/10.1016/j.dam.2007.12.010},
  doi       = {10.1016/j.dam.2007.12.010},
  timestamp = {Thu, 20 Feb 2020 15:47:38 +0100},
  biburl    = {https://dblp.org/rec/journals/dam/GalbraithPS08.bib},
  bibsource = {dblp computer science bibliography, https://dblp.org}
}


@inproceedings{DBLP:conf/tcc/ChaseKLM13,
  author    = {Melissa Chase and
               Markulf Kohlweiss and
               Anna Lysyanskaya and
               Sarah Meiklejohn},
  editor    = {Amit Sahai},
  title     = {Succinct Malleable NIZKs and an Application to Compact Shuffles},
  booktitle = {Theory of Cryptography - 10th Theory of Cryptography Conference, {TCC}
               2013, Tokyo, Japan, March 3-6, 2013. Proceedings},
  series    = {Lecture Notes in Computer Science},
  volume    = {7785},
  pages     = {100--119},
  publisher = {Springer},
  year      = {2013},
  url       = {https://doi.org/10.1007/978-3-642-36594-2\_6},
  doi       = {10.1007/978-3-642-36594-2\_6},
  timestamp = {Tue, 14 May 2019 10:00:47 +0200},
  biburl    = {https://dblp.org/rec/conf/tcc/ChaseKLM13.bib},
  bibsource = {dblp computer science bibliography, https://dblp.org}
}

@inproceedings{baghery2019efficiency,
  title={On the efficiency of privacy-preserving smart contract systems},
  author={Baghery, Karim},
  booktitle={International Conference on Cryptology in Africa},
  pages={118--136},
  year={2019},
  organization={Springer}
}
